@book{kasap2006principles,
  title={Principles of Electronic Materials and Devices},
  author={Kasap, Safa O},
  volume={2},
  year={2006},
  publisher={McGraw-Hill New York}
}

@MISC{WikipediaEN:LineIntegral,
    author = {{Lucas V. Barbosa}},
    title = {Line Integral of a Scalar Field},
    year = {2012},
    note = {[Online; accessed July 17, 2017]},
    url = {https://commons.wikimedia.org/wiki/File:Line_integral_of_scalar_field.gif}
}

@book{cai2016imperfections,
  title={Imperfections in Crystalline Solids},
  author={Cai, Wei and Nix, William D},
  year={2016},
  publisher={Cambridge University Press}
}

@book{hull2011introduction,
  title={Introduction to dislocations},
  author={Hull, Derek and Bacon, David J},
  volume={37},
  year={2011},
  publisher={Elsevier}
}

@book{shewmon2016diffusion,
  title={Diffusion in Solids},
  author={Shewmon, Paul},
  year={2016},
  publisher={Springer}
}

@book{glicksman2000diffusion,
  title={Diffusion in Solids: Field Theory, Solid-state Principles, and Applications},
  author={Glicksman, ME},
  year={2000},
  publisher={John Wiley \& Sons}
}

@book{weertmanelementary,
  title={Elementary Dislocation Theory},
  author={Weertman, J and Weertman, JR},
  publisher={New York: Macmillan. Pub},
  year={1964}
}

@book{hirth1982theory,
  title={Theory of Dislocations},
  author={Hirth, JP and Lothe, J},
  year={1982},
  publisher={John Wiley \& Sons}
}

@book{dill2012molecular,
  title={Molecular Driving Forces: Statistical Thermodynamics in Biology, Chemistry, Physics, and Nanoscience},
  author={Dill, Ken and Bromberg, Sarina},
  year={2012},
  publisher={Garland Science}
}

@book{nye1985physical,
  title={Physical Properties of Crystals: Their Representation by Tensors and Matrices},
  author={Nye, John Frederick and others},
  year={1985},
  publisher={Oxford University Press}
}

@book{de2012structure,
  title={Structure of Materials: An Introduction to Crystallography, Diffraction and Symmetry},
  author={De Graef, Marc and McHenry, Michael E},
  year={2012},
  publisher={Cambridge University Press}
}

@book{jones2002soft,
  title={Soft Condensed Matter},
  author={Jones, Richard Anthony Lewis and Jones, R and Jones, Richard AL and others},
  volume={6},
  year={2002},
  publisher={Oxford University Press}
}

@book{Ashcroft76,
  title = {Solid State Physics},
  author = {Ashcroft, N. W. and Mermin, N. D.},
  year = {1976},
  publisher = {Holt-Saunders}
}

@book{kittel2005introduction,
  title={Introduction to Solid State Physics},
  author={Kittel, C},
  year={2005},
  publisher = {John Willey \& Sons Inc.}
}

@book{courtney2005mechanical,
  title={Mechanical Behavior of Materials},
  author={Courtney, Thomas H},
  year={2005},
  publisher={Waveland Press}
}

@book{hoyt2011phase,
  title={Phase Transformations},
  author={Hoyt, Jeffrey J},
  year={2011},
  publisher={McMaster University Bookstore}
}

@book{balluffi2005kinetics,
  title={Kinetics of Materials},
  author={Balluffi, Robert W and Allen, Samuel M and Carter, W Craig},
  year={2005},
  publisher={John Wiley \& Sons}
}

@book{porter2009phase,
  title={Phase Transformations in Metals and Alloys},
  author={Porter, David A and Easterling, Kenneth E},
  year={2009},
  publisher={CRC press}
}


